<?xml version="1.0" encoding="UTF-8"?><collection xmlns="http://www.loc.gov/MARC21/slim"><record><leader>00403nam--2200133-i-4500</leader><controlfield tag="001">000020284</controlfield><controlfield tag="002">20161230</controlfield><controlfield tag="005">20161230201033</controlfield><controlfield tag="008">060222s1000------------r-----000-0-eng-d</controlfield><datafield ind1=" " ind2=" " tag="080"><subfield code="a">5:16</subfield></datafield><datafield ind1=" " ind2=" " tag="100"><subfield code="a">Flonta, Mircea</subfield></datafield><datafield ind1=" " ind2=" " tag="245"><subfield code="a">Perspectiva filozofica si ratiune stiintifica. presupozitii filosofice in stiinta exacta</subfield></datafield><datafield ind1=" " ind2=" " tag="260"><subfield code="a">Bucuresti, Edit. Stiintifica Si Enciclopedica, 1985. 392 P</subfield></datafield><datafield ind1=" " ind2=" " tag="852"><subfield code="a">72607</subfield></datafield></record></collection>